@book{de-automatica-2009,
	author = {Comité Español de Automática},
	date = {2009-01-01},
	title = {Libro blanco del control automático},
}
@book{skogestad-1996,
	author = {given-i=S, given=Sigurd, family=Skogestad and given-i=I, given=Ian, family=Postlethwaite},
	date = {1996-01-01},
	title = {Multivariable feedback Control: analysis and design},
	url = {http://ci.nii.ac.jp/ncid/BA27745559},
}
