@article{article,
  author = {Barca, Sergio},
  year = {2010},
  month = {01},
  pages = {},
  title = {Comparativa din√°mica de modelos del cuerpo humano}
}
